<record><leader>00000cas a22000007a 4500</leader><controlfield tag="001">44336180</controlfield><controlfield tag="006">m     o  d        </controlfield><controlfield tag="007">cr mnu||||||||</controlfield><controlfield tag="008">970910c18859999txudr neo     0   a0eng  </controlfield><controlfield tag="009">29396</controlfield><datafield ind1=" " ind2=" " tag="010"><subfield code="a">  2004216240</subfield><subfield code="z">  2011263174</subfield></datafield><datafield ind1=" " ind2=" " tag="040"><subfield code="a">N@F</subfield><subfield code="b">eng</subfield><subfield code="c">N@F</subfield><subfield code="d">FJM</subfield><subfield code="d">OCLCQ</subfield><subfield code="d">NSD</subfield><subfield code="d">OCLCQ</subfield><subfield code="d">DLC</subfield><subfield code="d">TXA</subfield><subfield code="d">OCLCQ</subfield><subfield code="d">OCLCF</subfield><subfield code="d">OCLCO</subfield></datafield><datafield ind1=" " ind2=" " tag="012"><subfield code="l">1</subfield></datafield><datafield ind1=" " ind2=" " tag="019"><subfield code="a">302708479</subfield></datafield><datafield ind1="0" ind2=" " tag="022"><subfield code="a">1553-846X</subfield><subfield code="2">1</subfield></datafield><datafield ind1="0" ind2=" " tag="029"><subfield code="a">N@F</subfield><subfield code="b">135959</subfield></datafield><datafield ind1="1" ind2=" " tag="029"><subfield code="a">AU@</subfield><subfield code="b">000043821048</subfield></datafield><datafield ind1="1" ind2=" " tag="029"><subfield code="a">AU@</subfield><subfield code="b">000048047410</subfield></datafield><datafield ind1="1" ind2=" " tag="029"><subfield code="a">AU@</subfield><subfield code="b">000050319325</subfield></datafield><datafield ind1="1" ind2=" " tag="029"><subfield code="a">AU@</subfield><subfield code="b">000051311019</subfield></datafield><datafield ind1=" " ind2=" " tag="042"><subfield code="a">pcc</subfield><subfield code="a">nsdp</subfield></datafield><datafield ind1=" " ind2=" " tag="043"><subfield code="a">n-us-tx</subfield></datafield><datafield ind1="1" ind2="0" tag="050"><subfield code="a">ISSN RECORD</subfield></datafield><datafield ind1="0" ind2="4" tag="082"><subfield code="a">070.175</subfield></datafield><datafield ind1="0" ind2=" " tag="130"><subfield code="a">Dallas morning news (Online)</subfield></datafield><datafield ind1=" " ind2="4" tag="222"><subfield code="a">The Dallas morning news</subfield><subfield code="b">(Online)</subfield></datafield><datafield ind1="1" ind2="4" tag="245"><subfield code="a">The Dallas morning news</subfield><subfield code="h">[electronic resource].</subfield></datafield><datafield ind1=" " ind2=" " tag="260"><subfield code="a">Dallas, Tex. :</subfield><subfield code="b">A.H. Belo &amp; Co. Inc.</subfield></datafield><datafield ind1=" " ind2=" " tag="310"><subfield code="a">Daily</subfield></datafield><datafield ind1="1" ind2=" " tag="362"><subfield code="a">Began with: Vol. 1, no. 1 (Oct. 1, 1885).</subfield></datafield><datafield ind1=" " ind2=" " tag="500"><subfield code="a">"Salute to past; pledge to future" Centennial ed. for the institution which published the Dallas morning news was published on Apr. 11, 1942.  It contained reproductions of the front page of many earlier issues of the Morning news and other news publications.</subfield></datafield><datafield ind1=" " ind2=" " tag="500"><subfield code="a">Oct. 1, 1935 is 50th anniversary ed.</subfield></datafield><datafield ind1="8" ind2=" " tag="520"><subfield code="a">Presents the online edition of the "Dallas Morning News," a daily Texas newspaper. Includes national, international, state, and local news articles, business news, and sports information. Contains features and religion articles, arts reviews, and weather forecasts. Offers a classified section and a FAQ. Provides subscription information and posts contact information via street address, telephone and fax numbers, and e-mail.</subfield></datafield><datafield ind1=" " ind2=" " tag="588"><subfield code="a">Description based on: Vol. 1, no. 1 (Oct. 1, 1885); title from PDF banner (Newsbank, viewed Nov. 30, 2011).</subfield></datafield><datafield ind1=" " ind2=" " tag="588"><subfield code="a">Latest issue consulted: Dec. 31, 1977 (newsbank site, viewed June 1, 2011).</subfield></datafield><datafield ind1=" " ind2="0" tag="651"><subfield code="a">Dallas (Tex.)</subfield><subfield code="v">Newspapers.</subfield></datafield><datafield ind1=" " ind2="0" tag="651"><subfield code="a">Dallas County (Tex.)</subfield><subfield code="v">Newspapers.</subfield></datafield><datafield ind1=" " ind2="7" tag="655"><subfield code="a">Newspapers.</subfield><subfield code="2">fast</subfield><subfield code="0">(OCoLC)fst01423814</subfield></datafield><datafield ind1=" " ind2="7" tag="651"><subfield code="a">Texas</subfield><subfield code="z">Dallas.</subfield><subfield code="2">fast</subfield><subfield code="0">(OCoLC)fst01204635</subfield></datafield><datafield ind1=" " ind2="7" tag="651"><subfield code="a">Texas</subfield><subfield code="z">Dallas County.</subfield><subfield code="2">fast</subfield><subfield code="0">(OCoLC)fst01205630</subfield></datafield><datafield ind1=" " ind2=" " tag="752"><subfield code="a">United States</subfield><subfield code="b">Texas</subfield><subfield code="c">Dallas</subfield><subfield code="d">Dallas.</subfield></datafield><datafield ind1="0" ind2="8" tag="776"><subfield code="i">Print version:</subfield><subfield code="t">Dallas morning news</subfield><subfield code="w">(DLC)sn 83045278</subfield><subfield code="w">(OCoLC)9475176</subfield></datafield><datafield ind1="0" ind2="5" tag="780"><subfield code="t">Dallas herald</subfield></datafield><datafield ind1="0" ind2="5" tag="780"><subfield code="t">Dallas times herald</subfield></datafield><datafield ind1="1" ind2=" " tag="787"><subfield code="t">NewsBank CD news presents the Dallas morning news</subfield><subfield code="x">1064-8313</subfield><subfield code="w">(DLC)   92644673</subfield><subfield code="w">(OCoLC)26450277</subfield></datafield><datafield ind1="4" ind2="0" tag="856"><subfield code="u">http://infoweb.newsbank.com</subfield></datafield><datafield ind1="4" ind2="0" tag="856"><subfield code="u">http://www.dallasnews.com/</subfield></datafield></record>